@article{Arbey:2021mbl,
  author       = {Arbey, Alexandre and Auffinger, J{\'e}r{\'e}my},
  title        = {Physics Beyond the Standard Model with BlackHawk v2.0},
  eprint       = {2108.02737},
  archivePrefix= {arXiv},
  primaryClass = {gr-qc},
  reportNumber = {CERN-TH-2021-117},
  doi          = {10.1140/epjc/s10052-021-09702-8},
  journal      = {Eur. Phys. J. C},
  volume       = {81},
  pages        = {910},
  year         = {2021}
}

@misc{BlackHawkwebsite,
  author       = {{BlackHawk project}},
  title        = {BlackHawk},
  howpublished = {\url{https://blackhawk.hepforge.org}},
  note         = {Accessed 26 Aug 2025},
  year         = {2025}
}

@article{Sjostrand:2014zea,
  author       = {Sj{\"o}strand, Torbj{\"o}rn and Ask, Stefan and Christiansen, Jesper R. and Corke, Richard and Desai, Nishita and Ilten, Philip and Mrenna, Stephen and Prestel, Stefan and Rasmussen, Christine O. and Skands, Peter Z.},
  title        = {An introduction to PYTHIA 8.2},
  eprint       = {1410.3012},
  archivePrefix= {arXiv},
  primaryClass = {hep-ph},
  reportNumber = {LU-TP-14-36, MCNET-14-22, CERN-PH-TH-2014-190, FERMILAB-PUB-14-316-CD, DESY-14-178, SLAC-PUB-16122},
  doi          = {10.1016/j.cpc.2015.01.024},
  journal      = {Comput. Phys. Commun.},
  volume       = {191},
  pages        = {159--177},
  year         = {2015}
}

@article{Keith:2022sow,
  author       = {Keith, Celeste and Hooper, Dan and Linden, Tim and Liu, Rayne},
  title        = {Sensitivity of future gamma-ray telescopes to primordial black holes},
  eprint       = {2204.05337},
  archivePrefix= {arXiv},
  primaryClass = {astro-ph.HE},
  reportNumber = {FERMILAB-PUB-22-251-T},
  doi          = {10.1103/PhysRevD.106.043003},
  journal      = {Phys. Rev. D},
  volume       = {106},
  number       = {4},
  pages        = {043003},
  year         = {2022}
}

@article{Biagetti:2021eep,
  author       = {Biagetti, Matteo and De Luca, Valerio and Franciolini, Gabriele and Kehagias, Alex and Riotto, Antonio},
  title        = {The formation probability of primordial black holes},
  eprint       = {2105.07810},
  archivePrefix= {arXiv},
  primaryClass = {astro-ph.CO},
  doi          = {10.1016/j.physletb.2021.136602},
  journal      = {Phys. Lett. B},
  volume       = {820},
  pages        = {136602},
  year         = {2021}
}

@incollection{Bethe1953,
  author       = {Bethe, Hans and Ashkin, Julius},
  title        = {Passage of Radiations Through Matter},
  booktitle    = {Experimental Nuclear Physics},
  editor       = {Segr{\`e}, Emilio},
  publisher    = {John Wiley \& Sons},
  address      = {New York},
  year         = {1953},
  pages        = {253--}
}

@article{Carr:2016drx,
  author       = {Carr, Bernard and K{\"u}hnel, Florian and Sandstad, Marit},
  title        = {Primordial Black Holes as Dark Matter},
  eprint       = {1607.06077},
  archivePrefix= {arXiv},
  primaryClass = {astro-ph.CO},
  reportNumber = {NORDITA-2016-83},
  doi          = {10.1103/PhysRevD.94.083504},
  journal      = {Phys. Rev. D},
  volume       = {94},
  number       = {8},
  pages        = {083504},
  year         = {2016}
}

@article{e-ASTROGAM:2017pxr,
  author       = {Tavani, M. and others},
  editor       = {De Angelis, A. and Tatischeff, V. and Grenier, I. A. and McEnery, J. and Mallamaci, M.},
  collaboration= {e-ASTROGAM},
  title        = {Science with e-ASTROGAM: A space mission for MeV--GeV gamma-ray astrophysics},
  eprint       = {1711.01265},
  archivePrefix= {arXiv},
  primaryClass = {astro-ph.HE},
  doi          = {10.1016/j.jheap.2018.07.001},
  journal      = {JHEAp},
  volume       = {19},
  pages        = {1--106},
  year         = {2018}
}

@article{Caputo:2022xpx,
  author       = {Caputo, Regina and others},
  title        = {All-sky Medium Energy Gamma-ray Observatory eXplorer mission concept},
  eprint       = {2208.04990},
  archivePrefix= {arXiv},
  primaryClass = {astro-ph.IM},
  doi          = {10.1117/1.JATIS.8.4.044003},
  journal      = {J. Astron. Telesc. Instrum. Syst.},
  volume       = {8},
  number       = {4},
  pages        = {044003},
  year         = {2022}
}

@ARTICLE{1974Natur.248...30H,
  author       = {Hawking, S. W.},
  title        = {Black hole explosions?},
  journal      = {\nat},
  year         = {1974},
  month        = mar,
  volume       = {248},
  number       = {5443},
  pages        = {30--31},
  doi          = {10.1038/248030a0}
}

% ---------- Python module citations ----------
@article{harris_array_numpy_2020,
  title        = {Array programming with {NumPy}},
  author       = {Harris, Charles R. and Millman, K. Jarrod and van der Walt, St{\'e}fan J. and Gommers, Ralf and Virtanen, Pauli and Cournapeau, David and Wieser, Eric and Taylor, Julian and Berg, Sebastian and Smith, Nathaniel J. and Kern, Robert and Picus, Matti and Hoyer, Stephan and van Kerkwijk, Marten H. and Brett, Matthew and Haldane, Allan and Fern{\'a}ndez del R{\'i}o, Jaime and Wiebe, Mark and Peterson, Pearu and G{\'e}rard-Marchant, Pierre and Sheppard, Kevin and Reddy, Tyler and Weckesser, Warren and Abbasi, Hameer and Gohlke, Christoph and Oliphant, Travis E.},
  journal      = {Nature},
  year         = {2020},
  volume       = {585},
  number       = {7825},
  pages        = {357--362},
  doi          = {10.1038/s41586-020-2649-2}
}

@article{virtanen_scipy_2020,
  title        = {{SciPy} 1.0: Fundamental Algorithms for Scientific Computing in Python},
  author       = {Virtanen, Pauli and Gommers, Ralf and Oliphant, Travis E. and Haberland, Matt and Reddy, Tyler and Cournapeau, David and Burovski, Evgeni and Peterson, Pearu and Weckesser, Warren and Bright, Jonathan and van der Walt, St{\'e}fan J. and Brett, Matthew and Wilson, Joshua and Millman, K. Jarrod and Mayorov, Nikolay and Nelson, Andrew R. J. and Jones, Eric and Kern, Robert and Larson, Eric and Carey, C. J. and Polat, {\.I}lhan and Feng, Yu and Moore, Eric W. and VanderPlas, Jake and Laxalde, Denis and Perktold, Josef and Cimrman, Robert and Henriksen, Ian and Quintero, E. A. and Harris, Charles R. and Archibald, Anne M. and Ribeiro, Ant{\^o}nio H. and Pedregosa, Fabian and van Mulbregt, Paul and SciPy 1.0 Contributors},
  journal      = {Nature Methods},
  year         = {2020},
  volume       = {17},
  number       = {3},
  pages        = {261--272},
  doi          = {10.1038/s41592-019-0686-2}
}

@article{hunter_matplotlib_2007,
  author       = {Hunter, John D.},
  title        = {Matplotlib: A 2D Graphics Environment},
  journal      = {Computing in Science \& Engineering},
  year         = {2007},
  volume       = {9},
  number       = {3},
  pages        = {90--95},
  doi          = {10.1109/MCSE.2007.55}
}

@misc{dacostaluis_tqdm_zenodo_2024,
  author       = {da Costa-Luis, Casper O. and tqdm developers},
  title        = {tqdm: A fast, Extensible Progress Bar for Python and CLI},
  year         = {2024},
  howpublished = {\url{https://doi.org/10.5281/zenodo.11107065}},
  doi          = {10.5281/zenodo.11107065},
  note         = {Software release (v4.66.4)}
}

@misc{hartley_colorama_046_2022,
  author       = {Hartley, Jonathan},
  title        = {Colorama},
  year         = {2022},
  howpublished = {\url{https://pypi.org/project/colorama/}},
  note         = {Python package, version 0.4.6}
}

% ---------- Your Zenodo placeholder (replace DOI/URL as needed) ----------
@misc{ZenodoLink,
  author       = {Carlini, John and Cholis, Ilias},
  title        = {GammaPBHPlotter: code and user manual},
  year         = {2025},
  howpublished = {\url{https://zenodo.org/records/16944093}},
  note         = {Zenodo}
}
